@book{Knu86,
  author    = {Donald E. Knuth},
  title     = {The TeXbook},
  publisher = {Addison-Wesley},
  year      = {1986},
  isbn      = {0-201-13447-0},
  bibsource = {DBLP, http://dblp.uni-trier.de}
}

@book{Lam94,
  author    = {Leslie Lamport},
  title     = {LaTeX - A Document Preparation System: User's Guide and
               Reference Manual, Second Edition},
  publisher = {Pearson / Prentice Hall},
  year      = {1994},
  isbn      = {978-0-201-52983-8},
  pages     = {I-XVI, 1-272},
  bibsource = {DBLP, http://dblp.uni-trier.de}
}

@book{Som11,
	author    = {Ian Sommerville},
	title     = {Software Engineering},
	publisher = {Pearson},
	year      = {2011},
	isbn      = {978-0-13-703515-1},
	pages     = {85, 87} 
}

@article{Jol,
	author = {Fabrizio Montesi and Claudio Guidi and Gianluigi Zavattaro},
	title = {Service-oriented programming with Jolie},
	pages = {1}
}
